[
    {
        "price":"246.94",
        "amount":"1.0",
        "timestamp":"1510337087.0",
        "exchange":"",
        "type":"Buy",
        "fee_currency":"USD",
        "fee_amount":"-0.49388",
        "tid":11970839,
        "order_id":446913929
    },
    {
        "price":"30.94",
        "amount":"1.0",
        "timestamp":"1510250687.0",
        "exchange":"",
        "type":"Buy",
        "fee_currency":"USD",
        "fee_amount":"-0.49388",
        "tid":11970840,
        "order_id":446913930
    },
    {
        "price":"25.94",
        "amount":"1.0",
        "timestamp":"1510250687.0",
        "exchange":"",
        "type":"Buy",
        "fee_currency":"USD",
        "fee_amount":"-0.49388",
        "tid":11970840,
        "order_id":446913930
    },
    {
        "price":"246.94",
        "amount":"1.0",
        "timestamp":"1510337087.0",
        "exchange":"",
        "type":"Buy",
        "fee_currency":"USD",
        "fee_amount":"-0.49388",
        "tid":11970839,
        "order_id":446913929
    },
    {
        "price":"30.94",
        "amount":"1.0",
        "timestamp":"1507737844.0",
        "exchange":"",
        "type":"Buy",
        "fee_currency":"USD",
        "fee_amount":"-0.49388",
        "tid":11970840,
        "order_id":446913930
    },
    {
        "price":"25.94",
        "amount":"1.0",
        "timestamp":"1510250687.0",
        "exchange":"",
        "type":"Buy",
        "fee_currency":"USD",
        "fee_amount":"-0.49388",
        "tid":11970840,
        "order_id":446913930
    },
    {
        "price":"246.94",
        "amount":"1.0",
        "timestamp":"1507737844.0",
        "exchange":"",
        "type":"Buy",
        "fee_currency":"USD",
        "fee_amount":"-0.49388",
        "tid":11970839,
        "order_id":446913929
    },
    {
        "price":"30.94",
        "amount":"1.0",
        "timestamp":"1510250687.0",
        "exchange":"",
        "type":"Buy",
        "fee_currency":"USD",
        "fee_amount":"-0.49388",
        "tid":11970840,
        "order_id":446913930
    },
    {
        "price":"25.94",
        "amount":"1.0",
        "timestamp":"1509552244.0",
        "exchange":"",
        "type":"Buy",
        "fee_currency":"USD",
        "fee_amount":"-0.49388",
        "tid":11970840,
        "order_id":446913930
    },
    {
        "price":"246.94",
        "amount":"1.0",
        "timestamp":"1510337087.0",
        "exchange":"",
        "type":"Buy",
        "fee_currency":"USD",
        "fee_amount":"-0.49388",
        "tid":11970839,
        "order_id":446913929
    },
    {
        "price":"30.94",
        "amount":"1.0",
        "timestamp":"1509552244.0",
        "exchange":"",
        "type":"Buy",
        "fee_currency":"USD",
        "fee_amount":"-0.49388",
        "tid":11970840,
        "order_id":446913930
    },
    {
        "price":"25.94",
        "amount":"1.0",
        "timestamp":"1510250687.0",
        "exchange":"",
        "type":"Buy",
        "fee_currency":"USD",
        "fee_amount":"-0.49388",
        "tid":11970840,
        "order_id":446913930
    },
    {
        "price":"246.94",
        "amount":"1.0",
        "timestamp":"1510337087.0",
        "exchange":"",
        "type":"Buy",
        "fee_currency":"USD",
        "fee_amount":"-0.49388",
        "tid":11970839,
        "order_id":446913929
    },
    {
        "price":"30.94",
        "amount":"1.0",
        "timestamp":"1510250687.0",
        "exchange":"",
        "type":"Buy",
        "fee_currency":"USD",
        "fee_amount":"-0.49388",
        "tid":11970840,
        "order_id":446913930
    },
    {
        "price":"25.94",
        "amount":"1.0",
        "timestamp":"1510250687.0",
        "exchange":"",
        "type":"Buy",
        "fee_currency":"USD",
        "fee_amount":"-0.49388",
        "tid":11970840,
        "order_id":446913930
    },
    {
        "price":"246.94",
        "amount":"1.0",
        "timestamp":"1510337087.0",
        "exchange":"",
        "type":"Buy",
        "fee_currency":"USD",
        "fee_amount":"-0.49388",
        "tid":11970839,
        "order_id":446913929
    },
    {
        "price":"30.94",
        "amount":"1.0",
        "timestamp":"1507737844.0",
        "exchange":"",
        "type":"Buy",
        "fee_currency":"USD",
        "fee_amount":"-0.49388",
        "tid":11970840,
        "order_id":446913930
    },
    {
        "price":"25.94",
        "amount":"1.0",
        "timestamp":"1505923444.0",
        "exchange":"",
        "type":"Buy",
        "fee_currency":"USD",
        "fee_amount":"-0.49388",
        "tid":11970840,
        "order_id":446913930
    },
    {
        "price":"246.94",
        "amount":"1.0",
        "timestamp":"1507737844.0",
        "exchange":"",
        "type":"Buy",
        "fee_currency":"USD",
        "fee_amount":"-0.49388",
        "tid":11970839,
        "order_id":446913929
    },
    {
        "price":"30.94",
        "amount":"1.0",
        "timestamp":"1505923444.0",
        "exchange":"",
        "type":"Buy",
        "fee_currency":"USD",
        "fee_amount":"-0.49388",
        "tid":11970840,
        "order_id":446913930
    },
    {
        "price":"25.94",
        "amount":"1.0",
        "timestamp":"1509552244.0",
        "exchange":"",
        "type":"Buy",
        "fee_currency":"USD",
        "fee_amount":"-0.49388",
        "tid":11970840,
        "order_id":446913930
    },
    {
        "price":"246.94",
        "amount":"1.0",
        "timestamp":"1504973044.0",
        "exchange":"",
        "type":"Buy",
        "fee_currency":"USD",
        "fee_amount":"-0.49388",
        "tid":11970839,
        "order_id":446913929
    },
    {
        "price":"30.94",
        "amount":"1.0",
        "timestamp":"1504973044.0",
        "exchange":"",
        "type":"Buy",
        "fee_currency":"USD",
        "fee_amount":"-0.49388",
        "tid":11970840,
        "order_id":446913930
    },
    {
        "price":"25.94",
        "amount":"1.0",
        "timestamp":"1508515444.0",
        "exchange":"",
        "type":"Buy",
        "fee_currency":"USD",
        "fee_amount":"-0.49388",
        "tid":11970840,
        "order_id":446913930
    }
]